% This file was created with JabRef 2.10.
% Encoding: Cp1252


@Manual{Albert2012,
  Title                    = {{LearnBayes}: Functions for Learning Bayesian Inference},
  Author                   = {Jim Albert},
  Note                     = {R package version 2.12},
  Year                     = {2012},

  Url                      = {http://CRAN.R-project.org/package=LearnBayes}
}

@Book{Albert2007,
  Title                    = {Bayesian Computation in R},
  Author                   = {Jim Albert},
  Publisher                = {Springer},
  Year                     = {2007},

  Owner                    = {stefan},
  Timestamp                = {2011.12.08}
}

@Article{Barry1999,
  Title                    = {A Monte Carlo Estimator of the Log Determinant of Large Sparse Matrices},
  Author                   = {Ronald Barry and R. Kelley Pace},
  Journal                  = {Linear Algebra and its Applications},
  Year                     = {1999},
  Number                   = {1-3},
  Pages                    = {41--54},
  Volume                   = {289},

  Owner                    = {stefan},
  Timestamp                = {2013.02.13}
}

@Manual{Bates2012,
  Title                    = {{Matrix}: Sparse and Dense Matrix Classes and Methods},
  Author                   = {Douglas Bates and Martin Maechler},
  Note                     = {{R} package version 1.0-9},
  Year                     = {2012},

  Owner                    = {stefan},
  Timestamp                = {2013.01.12},
  Url                      = {http://Matrix.R-forge.R-project.org/}
}

@Manual{Bates2011,
  Title                    = {{Matrix}: Sparse and Dense Matrix Classes and Methods},
  Author                   = {Douglas Bates and Martin Maechler},
  Note                     = {{R} package version 0.999375-50},
  Year                     = {2011},

  Url                      = {http://CRAN.R-project.org/package=Matrix}
}

@Unpublished{Bivand2010,
  Title                    = {Computing the Jacobian in spatial models: an applied survey},
  Author                   = {Roger Bivand},
  Note                     = {Discussion paper / Norwegian School of Economics and Business Administration, Department of Economics ; 2010,20},

  Month                    = {August},
  Year                     = {2010},

  Owner                    = {stefan},
  Timestamp                = {2012.12.07},
  Url                      = {http://brage.bibsys.no/nhh/bitstream/URN:NBN:no-bibsys_brage_23930/1/dp2010-20.pdf}
}

@Manual{Bivand2012,
  Title                    = {{spdep}: Spatial dependence: weighting schemes, statistics and models},
  Author                   = {Roger Bivand and with contributions by Micah Altman and Luc Anselin and Renato AssunÃ§Ã£o and Olaf Berke and Andrew Bernat and Guillaume Blanchet and Eric Blankmeyer and Marilia Carvalho and Bjarke Christensen and Yongwan Chun and Carsten Dormann and StÃ©phane Dray and Rein Halbersma and Elias Krainski and Pierre Legendre and Nicholas Lewin-Koh and Hongfei Li and Jielai Ma and Giovanni Millo and Werner Mueller and Hisaji Ono and Pedro Peres-Neto and Gianfranco Piras and Markus Reder and Michael Tiefelsdorf and Danlin Yu.},
  Note                     = {{R} package version 0.5-55},
  Year                     = {2012},

  Url                      = {http://CRAN.R-project.org/package=spdep}
}

@Manual{Bivand2011,
  Title                    = {{spdep}: Spatial dependence: weighting schemes, statistics and models},
  Author                   = {Roger Bivand and with contributions by Micah Altman and Luc Anselin and Renato Assunção and Olaf Berke and Andrew Bernat and Guillaume Blanchet and Eric Blankmeyer and Marilia Carvalho and Bjarke Christensen and Yongwan Chun and Carsten Dormann and Stéphane Dray and Rein Halbersma and Elias Krainski and Pierre Legendre and Nicholas Lewin-Koh and Hongfei Li and Jielai Ma and Giovanni Millo and Werner Mueller and Hisaji Ono and Pedro Peres-Neto and Gianfranco Piras and Markus Reder and Michael Tiefelsdorf and Danlin Yu.},
  Note                     = {{R} package version 0.5-43},
  Year                     = {2011},

  Url                      = {http://CRAN.R-project.org/package=spdep}
}

@Book{Bivand2008,
  Title                    = {Applied Spatial Data Analysis with {R}},
  Author                   = {Roger Bivand and EJ Pebesma and V. Gomez-Rubio},
  Publisher                = {Springer, New York},
  Year                     = {2008},

  Owner                    = {stefan},
  Timestamp                = {2012.12.09}
}

@Article{VanDenBulte2001,
  Title                    = {Medical Innovation Revisited: Social Contagion versus Marketing Effort},
  Author                   = {C. Van den Bulte and G. L. Lilien},
  Journal                  = {American Journal of Sociology},
  Year                     = {2001},
  Number                   = {5},
  Pages                    = {1409-1435},
  Volume                   = {106},

  File                     = {:VanDenBulte2001.pdf:PDF},
  Owner                    = {stefan},
  Timestamp                = {2012.02.03}
}

@Article{Burt1987,
  Title                    = {Social contagion and innovation: Cohesion versus structural equivalence},
  Author                   = {Ronald S. Burt},
  Journal                  = {American Journal of Sociology},
  Year                     = {1987},
  Number                   = {6},
  Pages                    = {1287-1335},
  Volume                   = {92},

  File                     = {:Burt1987.pdf:PDF},
  Owner                    = {stefan},
  Timestamp                = {2012.02.03}
}

@Manual{Butts2013,
  Title                    = {{sna}: Tools for Social Network Analysis},
  Author                   = {Carter T. Butts},
  Note                     = {R package version 2.2-2},
  Year                     = {2013},

  Url                      = {http://CRAN.R-project.org/package=sna}
}

@Manual{Butts2010,
  Title                    = {{sna}: Tools for Social Network Analysis},
  Author                   = {Carter T. Butts},
  Note                     = {R package version 2.2-0},
  Year                     = {2010},

  Owner                    = {stefan},
  Timestamp                = {2013.01.12},
  Url                      = {http://CRAN.R-project.org/package=sna}
}

@Manual{Butts2011,
  Title                    = {network: Classes for Relational Data},

  Address                  = {Irvine, CA},
  Author                   = {Carter T. Butts and Mark S. Handcock and David R. Hunter},
  Note                     = {{R} package version 1.7},
  Year                     = {July 7, 2011},

  Url                      = {http://statnet.org/}
}

@Article{Coleman1957,
  Title                    = {The Diffusion of an Innovation Among Physicians},
  Author                   = {James Coleman and Elihu Katz and Herbert Menzel},
  Journal                  = {Sociometry},
  Year                     = {1957},
  Pages                    = {253-270},
  Volume                   = {20},

  File                     = {:Coleman1957.pdf:PDF},
  Owner                    = {stefan},
  Timestamp                = {2012.02.03}
}

@Book{Coleman1966,
  Title                    = {Medical Innovation: A Diffusion Study},
  Author                   = {James S. Coleman and Elihu Katz and Herbert Menzel},
  Publisher                = {New York: Bobbs Merrill},
  Year                     = {1966},

  Owner                    = {stefan},
  Timestamp                = {2012.02.03}
}

@Unpublished{Coughlin2003,
  Title                    = {Spatial probit and the geographic patterns of state lotteries},
  Author                   = {Cletus C. Coughlin and Thomas A. Garrett and Rubén Hernández-Murillo},
  Note                     = {Federal Reserve Bank of St. Louis Working Paper 2003-042},
  Year                     = {2003},

  Owner                    = {stefan},
  Timestamp                = {2013.01.06},
  Url                      = {http://ideas.repec.org/p/fip/fedlwp/2003-042.html}
}

@Article{Csardi2006,
  Title                    = {The igraph software package for complex network research},
  Author                   = {Gabor Csardi and Tamas Nepusz},
  Journal                  = {InterJournal},
  Year                     = {2006},
  Pages                    = {1695},
  Volume                   = {Complex Systems},

  Url                      = {http://igraph.sf.net}
}

@Book{Diggle2007,
  Title                    = {Model Based Geostatistics},
  Author                   = {P.J. Diggle and P.J. Ribeiro},
  Publisher                = {Springer, New York},
  Year                     = {2007},

  Owner                    = {stefan},
  Timestamp                = {2012.03.27}
}

@Manual{Finley2011,
  Title                    = {{spBayes}: Univariate and Multivariate Spatial Modeling},
  Author                   = {Andrew O. Finley and Sudipto Banerjee and Bradley P. Carlin},
  Note                     = {{R} package version 0.2-2},
  Year                     = {2011},

  Url                      = {http://CRAN.R-project.org/package=spBayes}
}

@Standard{Genz2012,
  Title                    = {{mvtnorm}: Multivariate Normal and t Distributions},
  Author                   = {Alan Genz and Frank Bretz and Tetsuhisa Miwa and Xuefei Mi and Friedrich Leisch and Fabian Scheipl and Torsten Hothorn},
  Note                     = {{R} package version 0.9-9994},
  Url                      = {http://CRAN.R-project.org/package=mvtnorm},
  Year                     = {2012},

  Owner                    = {stefan},
  Timestamp                = {2012.03.27}
}

@Manual{Genz2009a,
  Title                    = {{mvtnorm}: Multivariate Normal and t Distributions},
  Author                   = {Alan Genz and Frank Bretz and Tetsuhisa Miwa and Xuefei Mi and Friedrich Leisch and Fabian Scheipl and Torsten Hothorn},
  Note                     = {R package version 0.9-8},
  Year                     = {2009},

  Owner                    = {stefan},
  Timestamp                = {2011.04.25},
  Url                      = {http://CRAN.R-project.org/package=mvtnorm}
}

@Book{Geweke2005,
  Title                    = {Contemporary Bayesian Econometrics and Statistics},
  Author                   = {John F. Geweke},
  Publisher                = {John Wiley and Sons},
  Year                     = {2005},

  File                     = {:John Geweke. Contemporary Bayesian Econometrics and Statistics (Wiley,2005)(ISBN 0471679321)(308s).pdf:PDF},
  Owner                    = {stefan},
  Timestamp                = {2007.01.30}
}

@Electronic{Geweke1991,
  Title                    = {Effcient simulation from the multivariate normal and Student-t distributions subject to linear constraints and the evaluation of constraint probabilities},
  Author                   = {John F. Geweke},
  Url                      = {http://www.biz.uiowa.edu/faculty/jgeweke/papers/paper47/paper47.pdf},
  Year                     = {1991},

  File                     = {:Geweke1991.pdf:PDF},
  Owner                    = {stefan},
  Timestamp                = {2010.01.22}
}

@Article{Jaimovich2012,
  Title                    = {A Bayesian spatial probit estimation of Free Trade Agreement contagion},
  Author                   = {Dany Jaimovich},
  Journal                  = {Applied Economics Letters},
  Year                     = {2012},
  Number                   = {6},
  Pages                    = {579-583},
  Volume                   = {19},

  Owner                    = {stefan},
  Timestamp                = {2013.01.06}
}

@Article{Klier2008,
  Title                    = {Clustering of Auto Supplier Plants in the United States: Generalized Method of Moments Spatial probit for Large Samples},
  Author                   = {Thomas Klier and Daniel P. McMillen},
  Journal                  = {Journal of Business and Economic Statistics},
  Year                     = {2008},
  Pages                    = {460-471},
  Volume                   = {26},

  Owner                    = {stefan},
  Timestamp                = {2012.12.12}
}

@Manual{Koenker2011,
  Title                    = {{SparseM}: Sparse Linear Algebra},
  Author                   = {Roger Koenker and Pin Ng},
  Note                     = {R package version 0.91},
  Year                     = {2011},

  Url                      = {http://CRAN.R-project.org/package=SparseM}
}

@Book{LeSage2009,
  Title                    = {Introduction to Spatial Econometrics},
  Author                   = {James LeSage and R. Kelley Pace},
  Publisher                = {CRC Press},
  Year                     = {2009},

  Owner                    = {stefan},
  Timestamp                = {2011.12.01}
}

@Article{LeSage2000,
  Title                    = {Bayesian Estimation of Limited Dependent variable Spatial Autoregressive Models},
  Author                   = {James P. LeSage},
  Journal                  = {Geographical Analysis},
  Year                     = {2000},
  Number                   = {1},
  Pages                    = {19--35},
  Volume                   = {32},

  Owner                    = {stefan},
  Timestamp                = {2012.01.18}
}

@Article{LeSage2011,
  Title                    = {New Orleans business recovery in the aftermath of Hurricane Katrina},
  Author                   = {James P. LeSage and R. Kelley Pace and Nina Lam and Richard Campanella and Xingjian Liu},
  Journal                  = {Journal of the Royal Statistical Society: Series A (Statistics in Society)},
  Year                     = {2011},
  Pages                    = {10071027},
  Volume                   = {174},

  File                     = {:LeSage2011.pdf:PDF},
  Owner                    = {stefan},
  Timestamp                = {2012.12.07}
}

@Manual{Majure2012,
  Title                    = {sgeostat: An Object-oriented Framework for Geostatistical Modeling in S+},
  Author                   = {James J. Majure and Albrecht Gebhardt},
  Note                     = {R package version 1.0-24; S original by James J. Majure Iowa State University and R port + extensions by Albrecht Gebhardt},
  Year                     = {2012},

  Url                      = {http://CRAN.R-project.org/package=sgeostat}
}

@Article{Marsh2000,
  Title                    = {Probit with Spatial Correlation by Field Plot: Potato Leafroll Virus Net Necrosis in Potatoes},
  Author                   = {Thomas L. Marsh and Ron C. Mittelhammer and Ray G. Huffaker},
  Journal                  = {Journal of Agricultural, Biological, and Environmental Statistics},
  Year                     = {2000},
  Pages                    = {22-36},
  Volume                   = {5},

  File                     = {:Marsh2000.pdf:PDF},
  Owner                    = {stefan},
  Timestamp                = {2013.01.06},
  Url                      = {http://www.jstor.org/stable/1400629}
}

@Manual{McMillen2012,
  Title                    = {{McSpatial}: Nonparametric spatial data analysis},
  Author                   = {Daniel McMillen},
  Note                     = {R package version 1.1.1},
  Year                     = {2012},

  Owner                    = {stefan},
  Timestamp                = {2012.12.12},
  Url                      = {http://CRAN.R-project.org/package=McSpatial}
}

@Article{McMillen1992,
  Title                    = {Probit With Spatial Correlation},
  Author                   = {D. P. McMillen},
  Journal                  = {Journal of Regional Science},
  Year                     = {1992},
  Pages                    = {335-348},
  Volume                   = {32},

  Owner                    = {stefan},
  Timestamp                = {2013.01.06}
}

@Article{Pace2004,
  Title                    = {Chebyshev Approximation of log-determinants of spatial weight matrices},
  Author                   = {R. Kelley Pace and James LeSage},
  Journal                  = {Computational Statistics \& Data Analysis},
  Year                     = {2004},
  Number                   = {2},
  Pages                    = {179--196},
  Volume                   = {45},

  File                     = {:Pace2004.pdf:PDF},
  Owner                    = {stefan},
  Timestamp                = {2012.02.06}
}

@Electronic{Pace2011,
  Title                    = {Fast Simulated Maximum Likelihood Estimation of the Spatial Probit Model Capable of Handling Large Samples},
  Author                   = {R. Kelley Pace and James P. LeSage},
  Url                      = {http://ssrn.com/abstract=1966039},
  Year                     = {2011},

  Owner                    = {stefan},
  Timestamp                = {2012.01.03}
}

@Article{Piras2010,
  Title                    = {{sphet}: Spatial Models with Heteroskedastic Innovations in {R}},
  Author                   = {Gianfranco Piras},
  Journal                  = {Journal of Statistical Software},
  Year                     = {2010},
  Number                   = {1},
  Pages                    = {1--21},
  Volume                   = {35},

  Url                      = {http://www.jstatsoft.org/v35/i01/}
}

@Book{Venables2002,
  Title                    = {Modern Applied Statistics with S},
  Author                   = {William N. Venables and Brian D. Ripley},
  Publisher                = {Springer},
  Year                     = {2002},

  File                     = {Statistics - Springer-Verlag - Modern Applied Statistics With S.pdf:C\:\\Projects\\Promotion\\bibliography\\E-Books\\Statistics - Springer-Verlag - Modern Applied Statistics With S.pdf:PDF},
  Owner                    = {stefan},
  Timestamp                = {2007.09.25}
}

@Manual{tmvtnorm-1.4,
  Title                    = {{tmvtnorm}: Truncated Multivariate Normal and {S}tudent t Distribution},
  Author                   = {Stefan Wilhelm and B. G. Manjunath},
  Note                     = {{R} package version 1.4-7},
  Year                     = {2012},

  Url                      = {http://CRAN.R-project.org/package=tmvtnorm}
}

@Article{RJournal:Wilhelm+Manjunath:2010,
  Title                    = {{tmvtnorm}: A Package for the Truncated Multivariate Normal Distribution},
  Author                   = {Stefan Wilhelm and B. G. Manjunath},
  Journal                  = {The R Journal},
  Year                     = {2010},

  Month                    = {June},
  Number                   = {1},
  Pages                    = {25--29},
  Volume                   = {2},

  Owner                    = {stefan},
  Timestamp                = {2012.02.25},
  Url                      = {http://journal.r-project.org/archive/2010-1/RJournal_2010-1_Wilhelm+Manjunath.pdf}
}

@Manual{spatialprobit-0.9-4,
  Title                    = {{spatialprobit}: Spatial Probit Models},
  Author                   = {Stefan Wilhelm and Miguel Godinho de Matos},
  Note                     = {{R} package version 0.9-4},
  Year                     = {2012},

  Url                      = {http://CRAN.R-project.org/package=spatialprobit}
}

@Book{Wooldridge2010,
  Title                    = {Econometric Analysis of Cross Section and Panel Data},
  Author                   = {Jeffrey M. Wooldridge},
  Publisher                = {MIT Press},
  Year                     = {2010},
  Edition                  = {2nd},

  Owner                    = {stefan},
  Timestamp                = {2013.07.13}
}

@Book{Wooldridge2002,
  Title                    = {Introductory Econometrics - A Modern Approach},
  Author                   = {Jeffrey M. Wooldridge},
  Publisher                = {South Western College Publishing},
  Year                     = {2002},

  File                     = {Wooldridge 2002 Introductory Econometrics A Modern Appr.pdf:Wooldridge 2002 Introductory Econometrics A Modern Appr.pdf:PDF},
  Owner                    = {stefan},
  Timestamp                = {2005.12.13}
}

